1716 2891
428 140 507 176 οι.
525 142 652 182 exn,
667 141 713 190 4.
751 141 798 175 A.
824 142 908 175 cu.
933 141 983 177 N.
1004 95 1116 188 32-8.
1392 139 1486 184 249

50 248 282 317 sustinere
306 264 398 295 non
422 245 623 316 poffunt.
670 250 742 294 At
765 251 887 294 enim
903 244 1077 311 Persae
1093 285 1104 304 ‚
1143 264 1260 309 quos
1275 249 1558 304 vicimus‚1o

61 322 110 364 in
138 316 318 381 magno
351 316 526 363 honore
544 311 662 379 sunt
692 317 821 377 apud
856 315 962 361 me!
1004 317 1240 377 Equidem
1275 317 1491 361 modera-

64 388 204 432 tionis
230 400 360 429 meae
384 388 496 429 certi.
535 401 682 429 imum
708 384 930 428 indicium
971 377 1063 445 est,
1108 384 1237 444 quod
1268 401 1323 428 ne
1354 384 1492 430 victis

63 455 250 516 quidem
275 446 477 514 superbe
519 455 708 512 impero.
775 451 898 495 Veni
932 452 1053 495 enim
1088 451 1133 494 in
1165 444 1358 513 Afiam,
1399 466 1492 494 non

67 530 124 566 vt
144 516 372 583 funditus
400 529 654 565 euerterem
683 527 874 581 gentes,
911 534 992 561 nec
1021 527 1076 562 vt
1107 518 1353 562 dimidiam
1384 534 1493 578 par·

66 597 163 632 tem
183 596 418 632 terrarum
432 581 983 649 solitudinemfacerem,
988 579 1080 647 sed
1094 594 1150 628 vt
1172 586 1275 629 illos
1297 600 1491 645 quoque,

64 670 180 715 quos
203 654 322 699 bello
343 649 656 720 subegiffem,
686 654 916 698 victoriae
940 669 1073 697 meae
1103 668 1195 696 non
1223 653 1493 712 poeniteret.

65 725 237 783 Itaque
260 723 469 766 militant
490 721 750 774 vobiscum,
784 735 870 780 pro
894 721 1089 781 imperio
1114 713 1268 780 vestro
1291 713 1555 783 sangui-11

67 805 174 834 nem
194 785 439 851 fundunt,
491 791 572 849 qui
589 782 796 850 superbe
829 786 974 831 habiti
1011 783 1320 852 rebellcffent.
1385 789 1497 830 iVon

69 849 136 917 est
179 857 406 900 diuturna
440 849 683 921 possessso,
732 857 777 898 in
812 871 953 916 quam
996 855 1167 917 gladio
1205 854 1496 898 inducimur:

68 920 399 982 beneficiorum
427 926 593 986 gratia
614 918 906 984 sempiterna
942 917 1019 984 est.
1055 922 1102 966 Si
1132 915 1559 983 liabereAstarn,12

70 1005 162 1034 non
199 992 395 1034 transire
435 992 679 1045 volumus,
736 1006 841 1035 cum
878 989 946 1033 his
990 989 1380 1033 communicanda
1430 982 1496 1047 es}

71 1051 230 1118 nostra
260 1059 530 1103 clementia:
568 1051 1061 1122 liorzvzilzsiclesfiahile
1080 1065 1125 1101 et
1157 1051 1498 1118 aeterizumfa-

70 1126 159 1169 ciet
187 1126 445 1185 imperium.
511 1128 576 1169 Et
601 1120 723 1187 sane
758 1126 862 1185 plus
908 1123 1156 1177 habemus,
1203 1139 1345 1183 quam.
1376 1123 1500 1183 capi-

73 1208 191 1236 mus.
222 1187 492 1253 insatiabilis
527 1204 690 1246 ,autem
720 1192 950 1237 auaritiae
989 1186 1078 1252 est,
1130 1190 1285 1234 adhuc
1327 1191 1499 1250 inplere

73 1260 219 1313 velle,
273 1261 399 1321 quod
432 1261 528 1303 iam
560 1257 853 1320 circumfluit.
925 1261 1106 1302 Verum
1143 1269 1302 1302 tamen
1335 1273 1562 1315 eorum13

76 1341 230 1371 mores
253 1328 299 1371 in
319 1328 617 1372 Macedonas
636 1324 957 1390 tranqsunclo!
981 1329 1037 1370 In
1063 1326 1221 1369 multis
1237 1325 1359 1370 enim
1383 1341 1498 1387 gen·

77 1392 197 1438 tibus
220 1389 306 1458 effe
336 1393 498 1448 video,
536 1411 656 1456 quae
687 1410 779 1439 non
809 1387 1132 1457 erubescamus
1155 1393 1340 1436 imitari.
1398 1393 1499 1436 Nec

78 1461 215 1505 aliter
248 1472 436 1506 tantum
477 1464 721 1522 imperium
757 1473 865 1522 apte
908 1463 1012 1525 regi
1048 1454 1221 1522 potest,
1272 1476 1417 1520 quam
1446 1470 1502 1503 vt

79 1528 313 1589 quaedam
349 1539 394 1573 et
424 1531 670 1574 tradamus
708 1531 819 1583 illis,
871 1540 917 1574 et
953 1528 1012 1572 ab
1048 1528 1210 1572 iisdem
1251 1521 1500 1589 discamus.

78 1596 207 1639 Illud
231 1613 377 1656 paene
401 1598 598 1659 dignum
629 1591 722 1659 risu
736 1593 868 1659 suit,
885 1597 1010 1656 quod
1035 1596 1322 1639 Hermolaus
1348 1587 1571 1655 postu-14

81 1661 212 1706 labat
233 1680 262 1707 α
283 1681 382 1717 me,
411 1675 464 1709 vt
494 1658 740 1725 auersarer
770 1669 955 1717 Iouem,
1018 1664 1146 1706 cuius
1187 1662 1382 1706 oraculo
1420 1661 1504 1705 ad-

85 1745 266 1782 noscor.
342 1731 424 1775 An
451 1733 608 1786 etiam,
633 1733 742 1792 quid
776 1733 839 1775 dii
861 1725 1197 1793 respondeant,
1233 1732 1278 1772 in
1296 1744 1401 1773 mea
1425 1743 1504 1787 po·

83 1791 252 1858 testate
283 1792 385 1860 est?
442 1798 622 1843 Obtulit
651 1815 817 1844 nomen
840 1795 940 1862 filii
976 1797 1117 1841 mihi:
1168 1798 1367 1857 recipere
1402 1789 1570 1858 ipst515

82 1863 241 1918 rebus,
273 1881 389 1926 quas
411 1867 626 1928 agimus,
662 1866 790 1912 haud
813 1867 1014 1911 alienum
1038 1860 1145 1922 fuit.
1186 1866 1383 1908 Vtinam
1408 1863 1508 1906 Indi

85 1945 265 1993 quoque
292 1933 431 1977 eleum
454 1928 540 1998 effe
568 1950 641 1979 me
665 1935 874 1978 credant.
942 1936 1091 1976 Fama
1116 1933 1236 1976 enim
1256 1931 1379 1975 bella
1403 1946 1511 1974 con·

75 1993 238 2062 stant,
274 2011 318 2045 et
341 1996 486 2061 saepe
514 2002 681 2054 etiam,
730 2002 854 2062 quocl
879 1995 1009 2062 falso
1037 1999 1266 2043 creditum
1286 1992 1377 2060 eft,
1413 1997 1512 2042 veri

86 2068 237 2112 vicem
266 2067 476 2112 obtinuit.
540 2072 618 2112 An
654 2086 726 2113 me
751 2069 965 2113 luxuriae
993 2067 1316 2129 indulgentem
1337 2065 1579 2125 putatislss

90 2151 229 2179 arma
275 2128 430 2195 vestra
468 2151 586 2186 auro
629 2148 920 2199 argentoque
957 2129 1242 2198 adornaffe?
1293 2126 1515 2194 Adsuetis

90 2201 204 2246 nihil
223 2202 359 2246 vilius
380 2200 467 2246 hac
489 2204 637 2248 videri
662 2204 861 2248 materia
887 2203 1017 2248 volui
1048 2194 1318 2262 ostendere;
1353 2202 1516 2243 Mace·

93 2269 257 2324 donas,
282 2270 478 2313 inuictos
505 2272 678 2324 ceteris,
710 2288 792 2315 nec
816 2286 934 2315 auro
962 2269 1146 2328 quidem
1168 2268 1303 2312 vinci,
1345 2267 1583 2321 Oculosi7

95 2353 214 2400 ergo
229 2339 431 2398 primum
452 2352 614 2382 eorum
625 2332 827 2400 sordida
844 2338 1002 2382 omnia
1027 2347 1072 2381 et
1094 2334 1286 2379 humilia
1300 2329 1520 2397 spectan-

96 2406 213 2449 tium
245 2406 461 2465 capiam;
508 2416 554 2449 et
587 2405 786 2460 docebo,
833 2420 916 2448 nos
943 2418 1034 2448 non
1070 2403 1175 2447 auri
1212 2413 1297 2446 aut
1332 2399 1522 2463 argenti

97 2474 306 2534 cupidos,
327 2467 409 2532 sed
434 2471 590 2517 orbem
615 2466 1145 2534 terrarumsubacturos
1165 2463 1343 2534 veniffe.
1363 2470 1522 2530 Quam

98 2541 309 2604 gloriam
337 2551 389 2583 tu
418 2540 657 2599 parricida
679 2541 946 2600 intercipere
979 2530 1196 2597 voluisti,
1232 2547 1277 2580 et
1299 2535 1524 2579 Macedo·

99 2625 184 2654 nas
205 2625 318 2673 rege
341 2609 567 2669 adempto
589 2608 782 2652 deuictis
813 2605 1031 2670 gentibus
1063 2604 1247 2650 dedere.
1311 2606 1381 2650 At
1407 2612 1591 2657 nunclss
