1716 2891
403 149 614 193 onem,
642 151 686 196 4.
726 149 771 182 A.
800 148 883 183 cu,
925 148 1107 196 N.333.
1411 153 1466 194 31

43 258 305 323 prohibere
343 269 430 303 aut
470 257 746 317 obprimere
783 253 970 302 hostem
996 254 1244 317 potuisset.
1323 261 1505 316 Nunc5

41 328 235 390 paucis,
295 325 384 386 qui
421 325 628 371 callibus
669 322 1016 383 praesiderent,
1079 323 1287 380 relictis,
1340 338 1472 371 retro

41 393 141 456 ipse
172 392 419 448 concessit,
454 393 716 452 populator
746 404 919 445 terrae,
957 407 1108 451 quam
1138 408 1162 436 a
1197 393 1475 451 populatio-

43 463 190 508 nibus
220 460 469 506 vindicare
494 461 738 504 debuerat.
810 462 970 520 Ergo,
1021 457 1109 517 qui
1139 459 1292 504 relicti
1319 474 1473 518 erant,

43 528 267 591 proditos
296 527 342 572 se
371 527 488 583 rati,
538 543 602 572 ne
631 524 946 586 conspectum
986 525 1187 585 quidem
1222 526 1368 571 hostis
1403 528 1478 572 fu-

0 640 3 650 s
42 596 218 644 fiinere
253 596 540 647 valuerunt3
590 609 746 656 quum
778 594 854 638 vel
898 593 1150 653 pauciores
1184 593 1349 638 locum
1393 597 1478 639 ob-

47 666 206 710 tinere
235 661 516 724 potuissent.
593 665 820 720 Namque
859 672 1093 719 perpetuo
1127 660 1245 723 iugo
1285 662 1509 708 montise

46 732 199 792 asperi
232 747 286 776 ac
319 728 568 792 praerupti
599 728 769 772 Cilicia
804 726 1106 772 includitur:
1149 728 1282 789 quod
1317 746 1477 791 quum

49 816 75 845 a
108 798 231 843 mari
262 797 452 860 surgat,
504 795 662 839 veluti
699 793 805 839 [inu
850 796 1064 856 quodam
1102 794 1333 857 flexuque
1373 815 1478 843 cur-

48 878 246 921 vatum,
299 863 463 909 rursus
497 863 650 908 altero
685 878 840 908 cornu
875 863 928 907 in
953 862 1204 908 diuersum
1241 864 1359 909 litus
1396 882 1478 910 ex-

49 933 218 980 currit.
301 937 390 977 Per
422 932 516 976 hoc
558 929 780 984 dorsum,
837 947 933 991 qua
964 931 1180 975 maxime
1208 931 1511 992 introrsum7

51 1001 177 1047 mari
214 999 367 1054 cedit,
415 996 568 1057 asperi
608 1009 702 1042 tres
738 996 900 1042 aditus
939 1008 986 1042 et
1024 999 1302 1060 perangusti
1340 999 1480 1046 sunt:

55 1084 270 1130 quorum
302 1082 402 1110 vno
423 1064 591 1110 Cilicia
616 1065 839 1109 intranda
867 1063 956 1120 est,
996 1064 1273 1126 campestris
1297 1068 1482 1124 eadem,

56 1152 152 1197 qua
187 1134 345 1197 vergit
379 1133 438 1177 ad
467 1149 626 1187 mare,
673 1132 931 1191 planitiem
972 1133 1078 1178 eius
1104 1136 1282 1179 crebris
1317 1135 1484 1180 dinin-

56 1200 324 1265 guentibus
353 1199 501 1245 riuis:
539 1204 777 1257 Pyramus
812 1211 859 1244 et
884 1199 1085 1257 Cydnus
1113 1201 1294 1247 incluti
1313 1219 1482 1248 amnes

56 1269 237 1316 fluunt.
322 1268 522 1324 Cydnus
553 1283 651 1311 nou
683 1265 834 1325 spatio
866 1283 1130 1327 aquarum,
1184 1268 1262 1313 sed
1290 1271 1515 1330 liquore3

57 1334 419 1382 memorabilis:
450 1334 636 1394 quippe
667 1333 769 1377 leui
797 1346 952 1379 tractu
987 1352 1010 1379 e
1035 1335 1259 1383 fontibus
1295 1338 1482 1393 labens,

58 1420 183 1465 puro
214 1402 314 1447 solo
343 1400 616 1462 excipitur,
666 1418 756 1447 nec
797 1413 1037 1447 torrentes
1066 1402 1348 1458 incurrunt,
1395 1405 1485 1466 qui

56 1470 245 1532 placide
285 1469 528 1514 manantis
562 1470 760 1514 alueum
799 1471 1014 1515 turbent.
1102 1475 1274 1533 Itaque
1314 1471 1517 1532 incon-9

59 1550 234 1597 ruptus
269 1537 502 1597 idemque
541 1535 903 1599 frigidissimus,
954 1537 1138 1599 quippe
1169 1540 1328 1585 multa
1362 1541 1487 1600 ripa-

60 1622 173 1651 rum
203 1605 502 1649 amoenitate
530 1602 872 1660 inumbratus,
922 1605 1108 1667 vbique
1132 1608 1356 1653 fontibus
1392 1608 1489 1653 suis

7 1662 20 1674 ⁸
62 1671 235 1718 similis
265 1672 319 1715 in
352 1688 484 1716 mare
520 1673 698 1717 euadit.
779 1673 945 1718 Multa
977 1673 1031 1718 in
1070 1691 1122 1719 ea
1153 1675 1353 1739 regione
1386 1691 1558 1721 m0·1o

62 1741 309 1793 nimenta,
371 1740 569 1801 vulgata
611 1739 937 1796 carminibus,
998 1740 1206 1789 vetustas
1249 1744 1489 1788 exederat.

61 1804 462 1853 Monstrabantur
496 1806 698 1851 vrbium
733 1807 886 1864 sedes,
935 1808 1151 1866 Lyrnessi
1189 1821 1238 1855 et
1276 1812 1492 1863 Thebes;

65 1873 323 1934 Typhonis
390 1888 590 1934 quoque
646 1873 813 1934 specus
866 1887 913 1921 et
965 1876 1235 1934 Corycium
1293 1894 1489 1933 nemus,

56 1941 153 1987 vbi
189 1956 389 1985 crocum
422 1941 672 2003 gignitt'r3
719 1955 998 2004 ceteraque,
1043 1945 1096 1988 in
1140 1945 1322 2006 quibus
1362 1944 1494 1991 nihil

67 2019 256 2068 praeter
285 2008 463 2053 famam
496 2009 770 2055 durauerat.
850 2012 1127 2057 Alexander
1167 2011 1331 2060 fauces
1369 2012 1558 2076 iugi‚11

70 2091 194 2136 quae
228 2076 381 2138 Pylae
423 2077 758 2135 adpellant-ar,
812 2077 1035 2124 intrauit.
1120 2082 1497 2142 Contemplatus

68 2142 296 2186 locorum
336 2142 472 2198 titus,
530 2160 635 2190 non
665 2145 782 2190 alias
824 2147 977 2199 magis
1015 2145 1197 2193 dicitur
1228 2149 1497 2193 admiratus

72 2205 644 2273 effeselicicatemszmm,
691 2213 822 2258 obrui
844 2196 1037 2279 poiuiffi?
1071 2217 1148 2261 vel
1173 2208 1313 2278 saxis
1349 2214 1499 2261 confi-

73 2277 290 2330 tebatur,
337 2270 628 2343 fisuzſj'enc,
683 2283 760 2341 qui
802 2283 846 2324 in
877 2275 1132 2343 subeuntes
1169 2284 1497 2346 propellerent.

71 2348 169 2388 Iter
197 2343 283 2386 vix
307 2356 569 2403 quaternos
603 2348 821 2406 capiebat
854 2361 1088 2393 armatos:
1128 2349 1326 2395 dorsum
1359 2363 1563 2395 mon-12

74 2411 137 2454 tis
168 2411 447 2455 inminebat
477 2412 608 2469 viae,
652 2431 757 2459 non
796 2414 1022 2477 angustae
1053 2418 1232 2472 modo,
1280 2417 1361 2462 sed
1401 2418 1501 2479 ple-

73 2494 285 2538 rumque
337 2493 654 2539 praeruptae,
731 2482 911 2530 crebris
967 2485 1307 2530 oberrantibus
1358 2484 1498 2540 riuis,

75 2544 164 2606 qui
205 2562 264 2589 ex
308 2546 552 2592 radicibus
593 2551 839 2594 montium
882 2564 1096 2604 manant.
1185 2553 1394 2597 Thracas
1433 2563 1567 2607 ta-ig

75 2628 190 2659 men
213 2612 392 2659 leuiter
417 2628 628 2662 armatos
646 2619 928 2680 praecedere
951 2617 1170 2678 iulserat,
1204 2614 1502 2685 scrutarique
