1716 2891
615 169 960 222 enem-:mmm
1452 179 1507 225 15

69 295 232 347 huius
255 292 468 358 quidem
495 292 598 342 loci
631 309 736 341 non
763 302 874 341 est.,·
937 290 1190 341 Omnium
1218 289 1385 347 enim,
1419 289 1514 352 qui

71 364 213 414 hisce
235 363 399 410 literis
419 362 658 417 student,
686 361 927 408 manibus
947 359 1158 407 terenda
1188 369 1261 406 est
1289 357 1513 426 Harlesii

71 435 130 485 V.
156 431 242 479 cel.
270 429 474 479 breuior
506 434 692 478 notitia-
728 428 1035 493 literaturae
1073 443 1332 474 romanae.
1406 425 1513 491 Qui

72 500 224 566 plura
267 499 520 562 cupiunt,
573 497 916 545 Freinshemii
957 496 1281 557 Fabriciique
1328 494 1513 539 catalo-

74 583 201 632 gum
232 582 259 612 a
294 566 590 629 Bipontinis
612 575 822 612 auctum
852 565 1192 624 (quamquam
1223 574 1270 610 et
1296 561 1330 605 ii
1357 577 1512 623 quae-

72 635 189 682 dam
219 634 534 693 omiserunt)
558 633 821 680 euoluant.
885 633 1144 677 Tironum
1166 641 1339 676 tamen
1361 645 1413 675 ca
1425 644 1514 675 usa

76 702 243 750 Curtii
273 712 387 764 post
415 701 585 747 literas
620 709 818 746 renatas
849 696 947 743 fata
982 697 1318 744 adumbrabo.
1391 695 1514 743 Edi-

73 773 150 818 tio
196 768 436 833 princeps
485 767 651 814 Curtii
704 764 900 830 prodiit
952 767 1180 812 Venetiis
1232 780 1356 822 1470
1400 764 1513 810 siue

80 852 236 895 1471,
279 836 629 899 plurimarum
666 850 726 880 ex
766 833 977 895 reliquis
1009 832 1164 890 basis;
1210 842 1370 879 aetate
1407 831 1515 878 fere

31 955 38 962 ,
73 920 168 970 par
213 914 287 949 est
326 906 566 950 Romana
605 902 818 955 Laueri‚
883 910 933 948 et
977 903 1215 964 proxima
1258 898 1515 948 Mediola-

74 971 249 1020 nensis
299 985 438 1028 1475.
537 970 760 1017 Posteris
801 970 1129 1032 temporibus
1185 968 1362 1031 plures
1411 967 1515 1013 viri

75 1038 216 1086 docti
240 1048 442 1084 textum
466 1037 550 1083 vel
587 1053 613 1083 e
640 1035 920 1084 Codicibus
947 1047 995 1082 et
1025 1037 1321 1083 coniectura
1341 1051 1517 1082 emen-

76 1105 291 1161 darunt,
330 1106 413 1151 vel
445 1107 582 1151 notis
607 1104 977 1159 inlustrarunt,
1018 1119 1245 1167 quorum
1268 1101 1518 1149 celebrio-

75 1190 159 1223 res
199 1184 319 1220 sunt
371 1174 493 1219 Des.
544 1175 813 1225 Erasmus,
890 1171 1076 1227 Aldus,
1145 1170 1264 1218 Adr.
1314 1171 1516 1228 Iunius,

76 1244 239 1292 Franc
278 1239 520 1295 Medius,
561 1237 1014 1299 (Val.Acidalius),
1051 1238 1238 1286 Matth.
1263 1237 1515 1294 Ptaderus,

28 1310 30 1312 ’
77 1311 231 1358 Titus
274 1310 498 1371 Popma‚
549 1309 620 1352 Io.
664 1308 759 1353 Ios.
802 1309 1082 1353 Pomanus.
1172 1308 1347 1354 Nemo
1390 1321 1516 1352 vero

79 1376 262 1424 Curtio
286 1375 537 1420 maiorem
575 1389 787 1436 operam
837 1374 1078 1437 inpendit
1112 1389 1267 1437 quam
1299 1376 1517 1421 Ioannes

78 1443 492 1499 Freinshemius,
531 1442 698 1488 Curtii
722 1442 1020 1506 sospitator,
1068 1443 1162 1504 qui
1193 1458 1303 1489 non
1344 1442 1519 1488 solum

21 1523 27 1535 ¹
79 1522 280 1558 textum
328 1510 478 1556 docte
530 1510 817 1565 recensuit,
885 1509 976 1556 sed
1032 1511 1253 1573 copiosis
1306 1525 1519 1572 quoque

83 1578 469 1626 commentariis
507 1577 817 1623 inlustrauit.
891 1578 1169 1641 Exemplar
1191 1577 1310 1624 eius
1343 1578 1518 1640 primo

81 1645 279 1711 prodiit
320 1645 646 1708 Argentorati
680 1650 821 1703 1648.
847 1657 890 1699 8.
938 1646 1104 1692 11V01.
1155 1656 1266 1692 tum
1297 1661 1423 1692 vero
1454 1644 1516 1691 ab

82 1715 199 1777 ipso
228 1713 584 1759 Freinshemio
613 1712 790 1775 paullo
821 1723 939 1759 ante
971 1712 1174 1759 obitum
1206 1711 1519 1759 adornatum

84 1780 240 1844 longe
263 1779 426 1843 priori
459 1780 658 1826 auctius
682 1790 730 1826 et
759 1779 1109 1836 emendatius,
1142 1791 1352 1827 curante
1381 1784 1520 1843 Rap-

84 1848 175 1913 pio
213 1846 334 1893 ibid.
377 1851 515 1901 1670.
552 1858 597 1905 4,
702 1850 822 1894 Post
880 1848 1296 1894 Freinshemium
1358 1847 1516 1894 multi

85 1916 326 1964 Curtium
352 1915 434 1960 vel
464 1931 585 1960 cum
614 1916 751 1961 notis
776 1931 837 1961 ex
866 1915 957 1961 illo
990 1916 1272 1979 excerptis,
1325 1915 1518 1977 quibus

87 1997 205 2030 suas
246 1983 629 2046 insperserunt,
672 1982 752 2028 vel
786 1998 905 2028 cum
937 1983 1074 2029 notis
1110 1982 1372 2028 variorum
1409 1982 1518 2029 edi-

86 2048 304 2106 derunt;
355 2051 490 2096 inter
528 2066 660 2111 quos
696 2048 976 2096 laudantur
1023 2050 1298 2104 Cellarius,
1367 2052 1519 2098 cuius

86 2115 251 2165 editio
278 2118 445 2180 prima
463 2117 657 2181 prodiit
691 2123 842 2173 1633,
878 2129 924 2164 et
954 2119 1194 2172 Pitiscus,
1243 2118 1394 2164 cuius
1429 2135 1521 2181 po-

89 2184 275 2232 sterior
320 2189 442 2245 169'3
478 2195 528 2231 et
565 2199 690 2242 1703
730 2183 1047 2249 praefertur,
1081 2185 1275 2248 'pueris
1316 2187 1521 2249 potissi-

88 2267 235 2299 mum
286 2251 709 2298 commendanda.
799 2253 1230 2315 Locupletissima
1276 2255 1522 2299 omnium

91 2329 167 2366 est
218 2319 433 2366 Henrici
480 2319 860 2384 Snakenburgii
908 2336 1028 2367 cum
1071 2322 1208 2367 notis
1251 2321 1522 2368 variorum

93 2387 283 2450 partini
313 2387 543 2449 integris,
578 2389 766 2451 partim
793 2387 1005 2441 selectis,
1039 2388 1260 2451 Delphis
1284 2398 1333 2434 et
1356 2387 1521 2452 Lugd.

93 2455 263 2502 Batav.
296 2466 434 2509 1724.
458 2466 503 2511 4.
528 2454 582 2499 in
614 2471 715 2516 qua
735 2455 910 2502 omnia
936 2455 1319 2518 subplementa,
1359 2456 1524 2519 pluri-

94 2536 304 2568 morum
351 2520 510 2572 codd.
554 2523 725 2569 variae
759 2522 1008 2569 lectiones
1038 2534 1088 2568 et
1129 2524 1370 2569 onmium
1415 2522 1523 2570 fere

93 2587 439 2652 interpretum
482 2590 723 2652 priorum
760 2600 912 2636 notae
948 2591 1296 2638 continentur.
1383 2591 1523 2639 Basis
1575 2585 1578 2587 ⁵

64 2710 67 2711 ⁷
94 2667 168 2704 est
190 2657 620 2705 Freinshemiana.
693 2659 816 2705 Post
848 2658 1201 2723 Snakenburg.
1234 2659 1411 2722 plures
1437 2657 1524 2706 ad-
