1716 2891
427 158 650 199 OL.CX11,
677 154 724 193 2.
769 157 799 191 A
840 155 1138 203 CH.*N.3131.
1404 155 1490 189 121

68 267 183 315 visa.
263 264 368 328 Ipse
398 281 513 330 ergo
550 263 778 328 peruenit
806 262 867 308 ad
905 278 1035 318 eam,
1083 274 1154 319 et,
1196 274 1374 320 mater,
1423 263 1499 309 in·

61 336 209 398 quit,
258 335 376 380 hanc
399 328 597 397 vestem,
643 349 736 394 qua
761 332 950 376 inclutus
968 325 1111 393 sum,
1147 325 1375 394 sororum
1405 348 1498 378 non

67 400 224 468 solum
252 404 455 457 donum,
482 396 573 465 sed
597 402 737 446 eciam
769 415 885 460 opus
908 400 1052 445 vides.
1105 393 1250 460 nostri
1277 399 1498 460 decepere

71 488 146 517 me
175 486 341 516 mores.
413 471 566 523 Caue,
597 462 806 531 obsecro,
849 468 895 511 in
923 467 1256 511 contumeliam
1287 467 1558 527 adcipiasm

70 539 419 604 ignorationem
450 552 620 581 meam.
706 537 842 596 Quae
879 535 948 577 tui
984 534 1128 578 itioris
1158 529 1244 598 effe
1273 535 1495 597 cognoui,

70 617 124 652 vc
145 598 316 668 spero,
350 603 534 649 abunde
553 596 749 666 seruata
763 594 894 663 sune.
982 602 1112 655 Seio,
1161 600 1289 662 apud
1319 616 1406 646 vos
1426 597 1559 664 fi-22

70 673 185 718 lium
222 673 267 715 in
311 665 559 735 conspectu
598 670 762 713 macris
805 663 941 734 nefas
980 664 1067 732 eſj'e
1105 664 1363 731 confidere,
1414 661 1499 731 nist

46 786 51 787 ⁷
71 755 216 801 quum
237 739 317 783 illa
341 730 574 801 permiste:
619 736 993 798 quociescumque
1015 735 1080 779 ad
1098 746 1143 780 te
1167 736 1296 790 veni,
1334 735 1496 790 donec,

69 817 125 851 vt
146 799 456 868 confiderem,
488 804 743 856 minueres,
780 796 937 863 restiti.
1018 801 1333 848 Procwnbens
1363 819 1498 848 vene-

68 874 168 918 rari
199 889 273 917 me
295 867 444 935 saepe
477 864 667 933 voluisti
679 888 699 921 ,-
752 868 937 914 inhibui.
1020 863 1327 931 Dulciffimste
1359 871 1503 915 mam·

74 939 352 1003 Olympiadi
394 954 562 983 nomen
597 936 805 982 debitum
837 935 919 981 cibi
951 937 1113 982 reddo.

136 1009 221 1052 ΙΙΙ.
263 1006 495 1069 Mitigato
529 1003 699 1049 animo
726 1006 855 1058 eius,
889 1018 977 1048 rex
1001 1002 1186 1064 quartis
1211 1001 1370 1049 castris
1395 1020 1528 1064 per-1

71 1073 213 1119 venit
235 1073 292 1118 ad
332 1073 573 1126 fluuium:
619 1069 895 1133 Pasitigrim
925 1070 1118 1116 incolae
1148 1081 1350 1116 vocant:
1403 1071 1501 1115 ori-

72 1150 155 1185 tur
192 1139 244 1185 in
277 1140 536 1187 montibus
567 1137 836 1193 inorum,
888 1149 936 1182 et
970 1154 1055 1198 per
1087 1155 1118 1182 L
1157 1136 1303 1182 stadia
1343 1136 1501 1198 sylae-

69 1206 246 1253 [tribus
286 1207 404 1267 ripis
446 1221 670 1267 praeceps
711 1205 841 1250 inter
882 1204 992 1250 saxa
1032 1205 1335 1250 deuoluitur.
1405 1206 1529 1253 Adnz

69 1273 267 1334 cipiunt
303 1275 480 1319 deinde
514 1290 626 1318 eum
670 1271 857 1333 campi,
911 1288 1037 1332 quos
1077 1272 1397 1318 clementiore
1435 1273 1501 1317 al-

68 1357 164 1388 veo
192 1342 446 1401 praeterit,
497 1340 594 1385 iarn
627 1340 835 1385 nauium
862 1339 1064 1398 patiens.
1101 1355 1169 1385 Dc
1205 1337 1351 1384 stadia
1387 1338 1501 1385 sunt

69 1408 317 1455 mollioris
354 1408 471 1463 soli,
524 1424 608 1468 per
636 1409 768 1469 quod
803 1406 905 1452 leni
942 1418 1094 1452 tractu
1122 1422 1360 1467 aquarum
1391 1411 1502 1453 Per·

71 1474 167 1523 fico
203 1477 325 1521 mari
364 1475 408 1521 se
437 1473 667 1520 infinuat.
748 1475 1049 1529 Alexander,
1083 1490 1228 1519 amne
1256 1474 1531 1535 superato,3

72 1560 187 1592 cum
226 1560 281 1588 lx
310 1543 532 1589 millibus
559 1543 804 1601 peditum,
852 1554 898 1587 et
925 1541 1152 1605 Agrianis
1182 1553 1329 1603 atque
1360 1546 1499 1588 Grae-

72 1626 244 1657 corum
293 1609 607 1656 mercenariis
655 1609 879 1655 millibus
936 1626 999 1654 111
1045 1609 1222 1654 additis
1270 1608 1498 1654 millibus

74 1679 348 1732 Thracum,
394 1679 446 1722 in
476 1677 727 1740 regionem
765 1677 1010 1722 inorum
1044 1676 1282 1736 peruenit.
1366 1678 1498 1723 Fini-

73 1744 198 1790 tima
236 1744 362 1790 Sulis
396 1744 485 1801 est,
548 1756 594 1790 et
633 1744 684 1788 in
726 1744 935 1805 primam
973 1741 1214 1790 Persidem
1264 1744 1498 1799 excurrit,

73 1823 265 1859 arctum
316 1813 446 1857 inter
492 1810 539 1856 se
582 1823 628 1856 et
676 1810 903 1857 Sulianos
951 1811 1142 1856 aditum
1198 1812 1498 1873 relinquens,

72 1880 296 1926 Madates
323 1890 424 1925 erat
455 1878 604 1924 huius
634 1880 848 1941 regionis
877 1877 1175 1940 praefectus,
1224 1879 1357 1923 haud
1389 1879 1533 1939 sane4

72 1958 356 2007 temporum
395 1947 712 2007 [multorum]
750 1948 914 1991 homo.
980 1945 1164 2006 quippe
1194 1946 1368 1990 vltima
1408 1963 1497 2006 pro

73 2013 169 2061 fide
194 2014 401 2076 experiri
424 2014 717 2059 decreuerat.
751 2014 844 2060 Sed
867 2012 1010 2073 periti
1035 2014 1262 2058 locorum
1288 2014 1529 2070 Alexan-5

73 2081 221 2127 drum
251 2082 455 2136 docent,
507 2081 747 2126 obculcum
782 2084 868 2127 iter
898 2098 921 2126 e
961 2098 985 2127 e
1008 2098 1092 2143 per
1118 2081 1261 2127 calles
1291 2092 1337 2126 et
1366 2098 1502 2127 auer-

64 2141 179 2213 sum
225 2149 284 2195 ab
330 2148 468 2202 vrbe,
516 2142 566 2212 st
600 2164 778 2210 paucos
828 2150 892 2195 mi
913 2145 1013 2214 ffec
1053 2149 1218 2195 leuiter
1269 2160 1497 2203 armatos,

59 2209 210 2280 super
237 2216 392 2279 capita
419 2209 617 2278 hostium
639 2211 875 2280 euasuros.
915 2220 1081 2278 Quum
1106 2212 1367 2261 confilium
1401 2217 1533 2274 pla-6

75 2281 270 2338 cuiffet,
331 2282 485 2327 iidem
528 2283 769 2329 itinerum
808 2281 1015 2328 fuerunt
1050 2282 1214 2330 duces.
1305 2299 1350 2327 m
1389 2294 1437 2327 et
1465 2299 1501 2327 n

78 2350 302 2396 mercede
356 2349 588 2396 conducti
641 2362 689 2395 et
750 2350 951 2412 Agriani
1004 2348 1107 2396 fere
1161 2366 1205 2398 M
1278 2350 1501 2396 Tauroni

78 2415 322 2477 praefecto
364 2417 488 2472 dati,
540 2432 594 2462 ac
630 2415 729 2477 post
753 2413 870 2481 solis
912 2412 1133 2482 obcasum
1181 2419 1269 2463 iter
1313 2417 1502 2483 ingredi

80 2482 200 2530 iuffi.
298 2484 402 2544 Ipse
433 2483 575 2529 tertia
614 2484 784 2547 vigilia
824 2482 982 2531 castris
1027 2484 1179 2530 motis
1214 2485 1339 2529 circa
1377 2484 1533 2549 lucisy

78 2564 248 2599 ortum
306 2551 613 2611 superauerat
672 2551 914 2613 angustias
937 2588 950 2609 ,
1018 2552 1245 2612 caesaque
1297 2550 1503 2598 materia

79 2618 293 2669 cratibus
332 2631 379 2665 et
411 2618 593 2680 pluteis
632 2617 893 2677 faciendis,
951 2632 1004 2666 vt
1031 2619 1118 2687 qui
1156 2631 1310 2664 turres
1335 2619 1502 2666 admo·
