1716 2891
181 86 242 118 20
722 80 1061 118 PROOEMWM.

183 204 353 243 textus
396 192 537 257 typis
572 207 755 238 excusa
799 199 921 238 sunt
959 188 1084 236 haec
1125 189 1305 238 verba:
1380 189 1610 241 Collatus

185 272 263 310 est
316 260 395 308 liic
453 259 579 307 liber
624 277 735 305 cum
782 267 984 306 vetusto
1035 257 1216 305 Codice
1262 263 1612 321 manuscripto

187 330 450 380 ,Benedicti
493 325 794 382 leeocreni‚
847 328 933 388 qui
973 324 1093 372 olim
1110 322 1230 391 sicit
1278 326 1612 386 Spinularum

195 396 553 446 Gennensizmz.
633 396 874 456 Pflgnlfssss·
917 389 981 437 ad
1018 391 1207 438 calcem
1243 392 1362 439 libri
1396 393 1612 441 decimi:

189 467 242 513 in
279 461 554 511 leeocreni
590 461 772 509 Codice
799 457 1072 522 subscripti
1107 468 1223 506 sune
1258 458 1308 507 lzi
1336 478 1540 508 versus:

257 551 357 599 Est
398 547 548 595 labor
583 550 634 593 in
669 555 806 602 tuto,
858 556 1022 594 restat
1058 550 1162 594 iam
1203 545 1314 595 sola
1351 545 1614 609 voluptas,

321 616 548 683 Ενίυίιῖα
582 613 669 661 vel
696 624 898 662 torrens
938 614 1126 662 dextra
1157 617 1367 680 peregit
1402 631 1543 676 opus.

258 685 422 733 Plena
415 654 580 729 &subit
612 684 781 728 ventis
799 691 1007 743 portum
1031 699 1143 729 mea
1165 684 1343 745 cymba
1369 682 1616 740 secundis,

324 753 441 798 Iam
474 747 669 816 religat
689 744 896 817 fessam
929 749 1065 797 celsa
1099 751 1308 812 crepido
1344 759 1524 796 ratem.

308 850 453 898 Finis
498 847 682 921 Quinti
729 848 897 896 Curtii
939 848 1196 895 Andreae
1239 847 1500 911 Spinulae.

292 982 352 1027 In
388 977 620 1043 margine
655 977 910 1026 exteriore
946 975 1170 1026 adiectae
1206 989 1328 1026 sunt

197 1067 248 1128 1)
284 1065 455 1112 variae
473 1065 718 1110 lectiones
745 1062 947 1110 Codicis
969 1063 1278 1121 Theocreni,
1320 1080 1412 1128 per
1437 1079 1620 1112 omnes

261 1132 421 1181 libros
458 1132 781 1195 superstites,
833 1131 991 1177 literis
1038 1130 1121 1178 Th.
1160 1132 1396 1196 signatae.
1487 1134 1623 1197 Qua-

265 1216 384 1248 rum
422 1200 620 1246 multae
655 1215 715 1244 ex
736 1199 846 1244 aliis
877 1197 1153 1246 Codicibus
1179 1200 1232 1245 in
1259 1209 1394 1246 textu
1424 1199 1624 1246 Freins-

264 1268 510 1316 hemiano
545 1267 648 1312 iam
692 1275 922 1329 receptae
956 1276 1098 1321 sunt,
1155 1266 1412 1329 plurimae
1447 1267 1499 1312 in
1535 1282 1622 1312 va-

261 1335 412 1383 riant.
448 1335 583 1381 lectt.
620 1332 696 1380 ed.
735 1333 984 1382 Snakenb.
1020 1334 1328 1397 plerumque
1362 1350 1423 1381 ex
1460 1332 1619 1380 Codd.

265 1402 366 1452 Pal.
391 1420 428 1447 1.
467 1412 517 1448 et
549 1404 748 1448 Voss.2.
786 1402 1045 1447 conlectae
1072 1402 1421 1464 reperiuntur.
1481 1401 1622 1449 Reli-

264 1486 488 1532 quarum
523 1485 631 1515 non
662 1484 852 1532 paucae
886 1469 1103 1514 minime
1139 1479 1258 1515 sunt
1288 1478 1624 1515 contemnen-

268 1537 386 1592 dae,
436 1536 626 1597 quibus
659 1536 740 1582 vel
777 1546 976 1582 textum
1015 1535 1310 1592 emendare,
1363 1536 1445 1582 vel
1482 1552 1623 1582 com-

267 1605 616 1660 mentarium,
652 1616 904 1665 quantum
939 1619 1037 1666 pro
1067 1603 1285 1650 consilio
1321 1603 1479 1650 huius
1517 1603 1624 1649 edi-

270 1673 428 1719 tionis
464 1671 635 1727 licuit,
681 1687 864 1717 ornare
901 1671 1068 1734 potui.
1138 1674 1463 1736 Quamquam
1499 1667 1626 1716 vero

271 1750 322 1786 et
356 1749 589 1786 vetusstus
627 1748 676 1785 et
715 1738 882 1785 bonus
918 1748 1023 1785 erat
1054 1737 1140 1784 ille
1179 1737 1373 1795 Codex,
1426 1738 1626 1784 nullam

270 1817 442 1853 tamen
478 1807 712 1853 lacunam
747 1806 990 1869 expleuit.
1052 1807 1350 1852 Blemoratu
1372 1804 1523 1867 digna
1552 1814 1628 1852 est

271 1885 391 1922 nota
441 1874 552 1920 eius
595 1871 659 1918 ad.
702 1873 861 1929 lib.X,
891 1887 915 1928 5
951 1871 1281 1919 intuentibus:
1342 1873 1526 1919 decimi
1565 1872 1626 1918 li·-

270 1941 353 1989 bri
394 1941 479 1988 hic
517 1939 674 1988 finem
718 1956 851 1997 esse,
904 1955 960 1986 ac
995 1940 1313 2003 principium
1351 1939 1626 1987 vndecimi.

207 2038 264 2100 Ω)
300 2037 494 2084 multae
527 2049 576 2085 et
604 2039 930 2086 coniecturae
960 2047 1010 2084 et
1044 2048 1219 2094 notae,
1267 2037 1478 2100 quibus,
1521 2038 1628 2101 ple-

274 2121 500 2167 rumque
541 2104 882 2162 breuissimis,
934 2115 1104 2162 textus
1147 2106 1258 2152 siue
1305 2105 1627 2162 emendatur,

277 2173 390 2219 siue
428 2173 737 2236 explicatur,
801 2173 973 2220 nescio
1020 2173 1167 2219 cuins
1209 2173 1458 2230 auctoris,
1506 2188 1630 2234 qua-

274 2255 394 2287 rum
433 2239 680 2294 Quaedam
720 2241 858 2287 inter
889 2239 1053 2287 xarias
1081 2240 1302 2287 aliarum
1334 2250 1454 2287 vett.
1487 2240 1629 2288 editt.

274 2307 519 2355 lectiones
555 2308 918 2355 inueniuntur.

215 2405 268 2466 5)
303 2403 428 2452 Inde
457 2421 482 2451 a
512 2417 610 2463 c.4.
644 2405 762 2451 libri
779 2405 907 2452 vm.
953 2401 1282 2453 adcesserunt
1312 2403 1637 2452 coniecturae

282 2483 331 2519 et
364 2473 606 2520 lectiones
640 2490 668 2520 e
702 2476 757 2520 V.
792 2475 840 2520 C.
904 2471 1101 2529 Modii,
1148 2490 1210 2521 ex
1253 2471 1482 2521 editione
1516 2474 1637 2521 Mo-

279 2539 432 2588 diana
467 2541 647 2589 Lolon.
687 2556 812 2602 ¹579
850 2541 1107 2604 repetitae.
