1716 2891
400 98 646 137 oL.CX111,
678 77 717 132 i.
761 97 810 131 A.
837 97 912 130 cu.
949 98 997 130 N.
1026 89 1136 153 328.
1384 96 1478 142 259

31 224 138 257 'nus
160 216 446 268 coeperant3
485 205 565 250 sed
589 222 746 267 quum
779 203 986 265 superne
1011 203 1106 253 tela
1130 203 1322 250 barbari
1342 206 1479 270 inge-

44 288 234 330 rerent,
268 271 454 333 saepius
479 272 564 333 ipsi
598 271 928 327 feriebantur,
961 286 1109 331 quatn
1135 274 1475 320 vulnerabant.

43 348 176 408 Ergo
199 341 492 396 Alexander,
521 353 569 385 et
605 339 822 385 nominis
846 337 917 382 sui
949 350 996 383 et
1025 337 1242 398 promiffi
1268 357 1543 399 memor‚15

43 411 167 456 dum
187 408 372 467 acrius„
409 424 558 470 quam
582 408 772 452 cautius
792 405 996 451 dimicat
1013 442 1024 461 ,
1062 404 1305 450 confossus
1334 410 1477 452 vndi-

43 494 140 539 que
171 475 414 522 obruitur.
487 478 647 536 Quem
668 485 723 518 vt
739 474 922 519 Charus
942 473 1183 518 iacentem
1202 474 1544 534 conspexit,16

43 560 184 591 ruere
210 542 261 587 in
282 541 467 588 hostem
485 540 715 587 omnium
741 552 929 602 praeter
955 542 1196 585 vltionem
1226 541 1478 588 inmemor

42 609 232 672 coepit,
267 610 557 671 multosque
586 608 738 663 hasta,
762 608 1002 668 quosdam
1027 609 1189 670 gladio
1210 607 1478 656 interemit.

41 679 134 725 Sed
156 694 312 739 quum
339 688 415 722 tot
436 693 596 721 vnum
626 673 908 720 incesserent
934 691 1135 731 manus,
1163 674 1304 736 super
1328 677 1541 737 an‘nici17

44 761 223 806 corpus
251 745 515 804 procubuit
546 742 805 788 exanimis.
856 745 995 787 Haud
1027 742 1181 799 seem,
1216 759 1364 804 quam
1392 763 1477 806 pat

44 828 167 869 erat,
205 809 676 872 promptissimorum
697 810 944 856 iuuenum
981 823 1361 873 ceterorumque
1389 814 1481 857 mi-

44 881 197 926 litum
218 879 425 924 interitu
450 891 730 924 commotus
751 895 836 923 rex
864 876 1055 939 signum
1089 879 1307 940 receptui
1330 881 1478 926 dedit.

43 948 201 994 Saluti
230 945 354 1002 fuit,
389 946 525 1007 quod
551 945 722 989 sentim
755 957 803 990 et
823 945 1057 1005 intrepidi
1086 945 1131 991 se
1161 960 1543 1006 receperunt313

43 1027 93 1060 et
121 1014 329 1069 barbari,
354 1012 541 1058 hostem
575 1012 805 1072 depulisse
839 1013 1088 1067 contenti,
1128 1030 1228 1058 non
1266 1012 1480 1060 institere

41 1080 344 1128 cedentibus.
430 1084 658 1125 Ceterum
708 1081 986 1126 Alexander
1043 1097 1201 1141 quum
1245 1080 1543 1145 statuissent)

40 1146 254 1194 desistere
275 1148 491 1209 incepto,
511 1149 715 1208 (quippe
738 1149 873 1193 nulla
895 1147 994 1206 spes
1025 1149 1293 1207 potiundae
1318 1162 1481 1210 petrae

43 1215 377 1273 obferebatur)
428 1227 592 1260 tamen
638 1215 842 1276 speciem
883 1216 1094 1261 ostendit
1128 1217 1176 1259 in
1220 1216 1479 1263 obsidione

40 1282 407 1345 perseuerantis.
477 1287 599 1327 Nam
627 1295 672 1327 ec
699 1285 864 1328 itinera
894 1279 1093 1347 obsideri
1116 1281 1268 1339 iuffit,
1310 1295 1356 1330 et
1378 1297 1476 1330 tur-

41 1368 115 1398 res
156 1352 422 1404 admoueri,
470 1362 515 1396 ec
543 1348 782 1413 fatigatis
820 1353 939 1396 alios
971 1346 1244 1414 subcedere.
1325 1353 1544 1399 Cuius20

42 1418 310 1481 pertinacia
356 1419 576 1480 cognita,
639 1417 751 1465 ludi
788 1433 871 1477 per
916 1418 1127 1463 biduum
1175 1417 1377 1480 quidem
1422 1436 1476 1465 ac

39 1487 159 1531 duas
186 1497 377 1540 noctes,
423 1503 538 1530 cum
574 1483 899 1531 ostentatione
929 1503 1026 1532 non
1065 1485 1271 1531 fiduciae
1302 1488 1473 1542 niodo,

43 1552 124 1599 sed
160 1554 310 1598 etiam
352 1553 617 1608 victoriae,
683 1553 870 1613 epulati
915 1553 1053 1608 sunt,
1115 1566 1348 1613 tympana
1388 1554 1477 1600 suo

44 1615 184 1666 more
211 1619 468 1680 pulsantes.
501 1620 642 1665 tertia
669 1637 784 1665 vero
819 1635 964 1666 nocte
990 1634 1343 1681 tympanorum
1371 1623 1541 1684 qui-21

44 1689 157 1733 dem
195 1686 419 1747 strepitus
451 1688 649 1733 desierat
671 1687 858 1733 auuiri:
896 1700 1113 1734 ceterum
1140 1706 1200 1733 ex
1223 1701 1320 1734 tota
1346 1702 1480 1750 petra

45 1754 173 1801 faces
213 1754 550 1818 refulgebant,
606 1772 725 1817 quas
773 1757 1098 1802 adcenderant
1135 1758 1351 1812 barbari,
1425 1769 1481 1803 vt

46 1824 206 1868 tutior
226 1820 336 1867 effet
358 1822 469 1883 ipsis
493 1822 633 1886 fuga,
667 1822 869 1868 obscura
907 1837 1047 1869 nocte
1077 1841 1162 1884 per
1192 1824 1330 1869 inuia
1366 1824 1478 1870 saxa

45 1889 270 1935 cursuris.
308 1894 439 1946 Rex,
466 1892 690 1946 Balacro,
713 1890 801 1951 qui
825 1890 1178 1951 specularetur,
1208 1891 1545 1952 praemisso,22

47 1957 324 2020 cognoscit,
360 1970 545 2020 petram
563 1955 696 2022 fuga
718 1961 946 2004 Indorum
977 1956 1063 2026 effe
1086 1955 1336 2022 desertam.
1372 1971 1479 2005 tum

48 2027 166 2070 dato
192 2022 354 2087 signo,
387 2036 439 2069 vt
476 2024 690 2070 vniuerli
720 2026 1112 2081 conclamarent,
1154 2026 1481 2086 incomposite

47 2090 358 2155 fugientibus
397 2105 586 2138 metum
628 2091 834 2138 incuslit.
892 2093 1168 2155 multique,
1224 2106 1546 2156 tamquang

47 2157 223 2205 adeffet
256 2157 429 2213 hostis,
465 2176 548 2219 per
570 2160 755 2206 lubrica
797 2161 906 2207 saxa
953 2179 1133 2223 perque
1158 2160 1320 2207 inuias
1348 2175 1480 2208 cotes

48 2227 351 2287 praecipitati
371 2228 685 2273 obciderunt:
725 2229 887 2289 plures
905 2265 915 2284 ,
939 2230 1103 2290 aliqua
1143 2230 1483 2275 membrorum

48 2306 185 2354 parte
219 2295 474 2350 mulctati,
510 2295 568 2340 ab
606 2296 813 2357 integris
854 2296 1027 2341 deserti
1049 2296 1173 2342 sunt.
1246 2301 1380 2352 Reiz,
1412 2298 1552 2357 10-24

51 2376 224 2406 corum
253 2361 410 2423 magis
434 2378 583 2421 quarn
611 2362 824 2410 hostium
854 2363 1037 2418 victor,
1076 2376 1243 2410 tamen
1276 2381 1486 2427 magnae

50 2426 293 2474 victoriae
323 2428 568 2475 sacrificiis
600 2442 646 2474 et
673 2431 814 2476 cultu
847 2430 942 2477 diis
980 2430 1224 2477 satisfecit.
1285 2439 1407 2476 Arae
1432 2431 1486 2476 in

48 2507 185 2557 petra
216 2497 403 2543 locatae
438 2496 551 2543 sunt
569 2501 826 2544 Mineruae
842 2498 1198 2559 victoriaeque.
1258 2499 1551 2554 Ducibuszf,

51 2561 273 2622 itineris,
323 2580 449 2626 quos
479 2565 639 2613 subire
668 2564 865 2612 iusserat
895 2567 1075 2613 leuiter
1110 2578 1349 2624 armatos,
1401 2564 1488 2615 etsi

1161 2639 1201 2681 R
1232 2651 1256 2680 2
